@FOOTNOTE{Note1,key="Note1",note="The equation for the particle-particle channel is slightly different from the one usually reported in fRG, see, e.g., Ref.~\protect \rev@citealpnum  {Husemann2009}. This is because we took $V^{\Lambda }_{\protect \mathrm  {} }  = V^{\Lambda }_{\protect \mathrm  {\delimiter "3222378 \delimiter "3223379 \delimiter "3222378 \delimiter "3223379 } } $ instead of $V^{\Lambda }_{\protect \mathrm  {} }  = V^{\Lambda }_{\protect \mathrm  {\delimiter "3222378 \delimiter "3223379 \delimiter "3223379 \delimiter "3222378 } } $."}
@FOOTNOTE{Note2,key="Note2",note="In the static case we observed $d$-wave instability for $T=0.02t$. "}
