@Article{Berges2002,
  Title                    = {{Non-perturbative renormalization flow in quantum field theory and statistical physics}},
  Author                   = {{Berges}, J. and {Tetradis}, N. and {Wetterich}, C.},
  Journal                  = {Phys. Rep.},
  Year                     = {2002},

  Month                    = jun,
  Pages                    = {223-386},
  Volume                   = {363},

  Adsnote                  = {Provided by the SAO/NASA Astrophysics Data System},
  Bdsk-url-1               = {http://dx.doi.org/10.1016/S0370-1573(01)00098-9},
  Doi                      = {10.1016/S0370-1573(01)00098-9},
  Timestamp                = {2014.09.12}
}


@Article{Zanchi1996,
author="Zanchi, Dra{\v{z}}en
and Schulz, Heinz J.",
title="Instabilities of weakly correlated electronic gas on a two dimensional lattice",
journal="Zeitschrift f{\"u}r Physik B Condensed Matter",
year="1996",
month="Jun",
day="01",
volume="103",
number="2",
pages="339--342",
issn="1431-584X",
doi="10.1007/s002570050385",
url="https://doi.org/10.1007/s002570050385"
}



@article{Halboth2000b,
  title = {{Renormalization-group analysis of the two-dimensional Hubbard model}},
  author = {Halboth, Christoph J. and Metzner, Walter},
  journal = {Phys. Rev. B},
  volume = {61},
  issue = {11},
  pages = {7364--7377},
  numpages = {0},
  year = {2000},
  month = {Mar},
  publisher = {American Physical Society},
  doi = {10.1103/PhysRevB.61.7364},
  url = {https://link.aps.org/doi/10.1103/PhysRevB.61.7364}
}

@article{Halboth2000,
  title = {{$\mathit{d}$-Wave Superconductivity and Pomeranchuk Instability in the Two-Dimensional Hubbard Model}},
  author = {Halboth, Christoph J. and Metzner, Walter},
  journal = {Phys. Rev. Lett.},
  volume = {85},
  issue = {24},
  pages = {5162--5165},
  numpages = {0},
  year = {2000},
  month = {Dec},
  publisher = {American Physical Society},
  doi = {10.1103/PhysRevLett.85.5162},
  url = {https://link.aps.org/doi/10.1103/PhysRevLett.85.5162}
}






@Article{Metzner2012,
  Title                    = {{Functional renormalization group approach to correlated fermion systems}},
  Author                   = {{Metzner}, W. and {Salmhofer}, M. and {Honerkamp}, C. and {Meden}, V. and {Sch{\"o}nhammer}, K.},
  Journal                  = {Rev. Mod. Phys.},
  Year                     = {2012},

  Month                    = jan,
  Pages                    = {299-352},
  Volume                   = {84},

  Adsnote                  = {Provided by the SAO/NASA Astrophysics Data System},
  Archiveprefix            = {arXiv},
  Bdsk-url-1               = {http://dx.doi.org/10.1103/RevModPhys.84.299},
  Doi                      = {10.1103/RevModPhys.84.299},
  Groups                   = {fRG, Paper_Serge, Paper_Vertex},
  Keywords                 = {Theories and models of many-electron systems},
  Primaryclass             = {cond-mat.str-el},
  Timestamp                = {2013.08.30}
}




@Article{Wetterich1993,
  Title                    = {{Exact evolution equation for the effective potential}},
  Author                   = {{Wetterich}, C.},
  Journal                  = {Physics Letters B},
  Year                     = {1993},

  Month                    = feb,
  Pages                    = {90-94},
  Volume                   = {301},

  Adsnote                  = {Provided by the SAO/NASA Astrophysics Data System},
  Doi                      = {10.1016/0370-2693(93)90726-X},
  Groups                   = {Paper_Vertex, fRG},
  Timestamp                = {2016.02.12}
}

@article{Honerkamp2001,
  title = {Breakdown of the Landau-Fermi liquid in two dimensions due to umklapp scattering},
  author = {Honerkamp, C. and Salmhofer, M. and Furukawa, N. and Rice, T. M.},
  journal = {Phys. Rev. B},
  volume = {63},
  issue = {3},
  pages = {035109},
  numpages = {18},
  year = {2001},
  month = {Jan},
  publisher = {American Physical Society},
  doi = {10.1103/PhysRevB.63.035109},
  url = {https://link.aps.org/doi/10.1103/PhysRevB.63.035109}
}

@article{Eberlein2016,
  title = {{Coexistence of Incommensurate Magnetism and Superconductivity in the Two-Dimensional Hubbard Model}},
  author = {Yamase, Hiroyuki and Eberlein, Andreas and Metzner, Walter},
  journal = {Phys. Rev. Lett.},
  volume = {116},
  issue = {9},
  pages = {096402},
  numpages = {6},
  year = {2016},
  month = {Mar},
  publisher = {American Physical Society},
  doi = {10.1103/PhysRevLett.116.096402},
  url = {https://link.aps.org/doi/10.1103/PhysRevLett.116.096402}
}


@article{Husemann2012,
  title = {{Frequency-dependent vertex functions of the ($t,t'$) Hubbard model at weak coupling}},
  author = {Husemann, C. and Giering, K.-U. and Salmhofer, M.},
  journal = {Phys. Rev. B},
  volume = {85},
  issue = {7},
  pages = {075121},
  numpages = {17},
  year = {2012},
  month = {Feb},
  publisher = {American Physical Society},
  doi = {10.1103/PhysRevB.85.075121},
  url = {https://link.aps.org/doi/10.1103/PhysRevB.85.075121}
}

@Article{Husemann2009,
  Title                    = {{Efficient parametrization of the vertex function, {$\Omega$} scheme, and the $t,t'$ Hubbard model at van Hove filling}},
  Author                   = {{Husemann}, C. and {Salmhofer}, M.},
  Journal                  = {Phys. Rev. B},
  Year                     = {2009},

  Month                    = may,
  Number                   = {19},
  Pages                    = {195125},
  Volume                   = {79},
  Adsnote                  = {Provided by the SAO/NASA Astrophysics Data System},
  Archiveprefix            = {arXiv},
  Doi                      = {10.1103/PhysRevB.79.195125},
  Eid                      = {195125},
  Keywords                 = {Non-Fermi-liquid ground states electron phase diagrams and phase transitions in model systems, Nonconventional mechanisms, Band and itinerant models},
  Primaryclass             = {cond-mat.str-el},
  Timestamp                = {2016.06.20}
}


@Article{Kinza2013,
  Title                    = {{Alternative functional renormalization group approach to the single impurity Anderson model}},
  Author                   = {{Kinza}, M. and {Ortloff}, J. and {Bauer}, J. and {Honerkamp}, C.},
  Journal                  = {Phys. Rev. B},
  Year                     = {2013},

  Month                    = jan,
  Number                   = {3},
  Pages                    = {035111},
  Volume                   = {87},
  Adsnote                  = {Provided by the SAO/NASA Astrophysics Data System},
  Archiveprefix            = {arXiv},
  Bdsk-url-1               = {http://dx.doi.org/10.1103/PhysRevB.87.035111},
  Doi                      = {10.1103/PhysRevB.87.035111},
  Eid                      = {035111},
  Groups                   = {fRG, Strong-Coupling fRG},
  Keywords                 = {Scattering mechanisms and Kondo effect},
  Primaryclass             = {cond-mat.str-el},
  Timestamp                = {2013.10.24}
}

@ARTICLE{Wentzell2016a,
   author ={{Wentzell}, N. and {Li}, G. and {Tagliavini}, A. and {Taranto}, C. and 
	{Rohringer}, G. and {Held}, K. and {Toschi}, A. and {Andergassen}, S.
	},
    title = "{High-frequency asymptotics of the vertex function: diagrammatic parametrization and algorithmic implementation}",
  journal = {ArXiv e-prints},
    year = {2016},
    month = oct
}

@Article{Metzner1989,
  Title                    = {{Correlated lattice fermions in $d={\infty}$ dimensions}},
  Author                   = {{Metzner}, W. and {Vollhardt}, D.},
  Journal                  = {Phys. Rev. Lett.},
  Year                     = {1989},

  Month                    = jan,
  Pages                    = {324-327},
  Volume                   = {62},

  Adsnote                  = {Provided by the SAO/NASA Astrophysics Data System},
  Bdsk-url-1               = {http://dx.doi.org/10.1103/PhysRevLett.62.324},
  Doi                      = {10.1103/PhysRevLett.62.324},
  Groups                   = {DMFT, Paper_Vertex},
  Keywords                 = {Quantized spin models, Narrow-band systems, intermediate-valence solids},
  Timestamp                = {2014.07.11}
}


@Article{Georges1996,
  Title                    = {{Dynamical mean-field theory of strongly correlated fermion systems and the limit of infinite dimensions}},
  Author                   = {{Georges}, A. and {Kotliar}, G. and {Krauth}, W. and {Rozenberg}, M.~J.},
  Journal                  = {Rev. Mod. Phys.},
  Year                     = {1996},

  Month                    = jan,
  Pages                    = {13-125},
  Volume                   = {68},
  Adsnote                  = {Provided by the SAO/NASA Astrophysics Data System},
  Bdsk-url-1               = {http://dx.doi.org/10.1103/RevModPhys.68.13},
  Doi                      = {10.1103/RevModPhys.68.13},
  Groups                   = {DMFT, Paper_Vertex},
  Timestamp                = {2013.10.31}
}

@Article{Georges1992,
  Title                    = {{Hubbard model in infinite dimensions}},
  Author                   = {{Georges}, A. and {Kotliar}, G.},
  Journal                  = {Phys. Rev. B},
  Year                     = {1992},

  Month                    = mar,
  Pages                    = {6479-6483},
  Volume                   = {45},

  Adsnote                  = {Provided by the SAO/NASA Astrophysics Data System},
  Bdsk-url-1               = {http://dx.doi.org/10.1103/PhysRevB.45.6479},
  Doi                      = {10.1103/PhysRevB.45.6479},
  Keywords                 = {Band and itinerant models, Charge-density-wave systems, Spin-density waves},
  Timestamp                = {2014.08.12}
}

@ARTICLE{Rohringer2017,
   author = {{Rohringer}, G. and {Hafermann}, H. and {Toschi}, A. and {Katanin}, A.~A. and 
    {Antipov}, A.~E. and {Katsnelson}, M.~I. and {Lichtenstein}, A.~I. and 
        {Rubtsov}, A.~N. and {Held}, K.},
            title = "{Diagrammatic routes to non-local correlations beyond
            dynamical mean field theory}",
              journal = {ArXiv e-prints},
              archivePrefix = "arXiv",
                 eprint = {1705.00024},
                  primaryClass = "cond-mat.str-el",
                   keywords = {Condensed Matter - Strongly Correlated
                   Electrons},
                        year = 2017,
                            month = apr,
                               adsurl =
                               {http://adsabs.harvard.edu/abs/2017arXiv170500024R},
                                 adsnote = {Provided by the SAO/NASA
                                 Astrophysics Data System}
                                 }}}}}}}}}}}}}}}}


@Article{Rohringer2012,
  Title                    = {{Local electronic correlation at the two-particle level}},
  Author                   = {{Rohringer}, G. and {Valli}, A. and {Toschi}, A.},
  Journal                  = {Phys. Rev. B},
  Year                     = {2012},
  Month                    = sep,
  Number                   = {12},
  Pages                    = {125114},
  Volume                   = {86},
  Adsnote                  = {Provided by the SAO/NASA Astrophysics Data System},
  Archiveprefix            = {arXiv},
  Bdsk-url-1               = {http://dx.doi.org/10.1103/PhysRevB.86.125114},
  Doi                      = {10.1103/PhysRevB.86.125114},
  Eid                      = {125114},
  Groups                   = {Paper_Vertex, General Vertex},
  Keywords                 = {Strongly correlated electron systems, heavy fermions, Lattice fermion models},
  Primaryclass             = {cond-mat.str-el},
  Timestamp                = {2014.10.08}
}


@Article{Taranto2014,
  Title                    = {{From Infinite to Two Dimensions through the Functional Renormalization Group}},
  Author                   = {{Taranto}, C. and {Andergassen}, S. and {Bauer}, J. and {Held}, K. and {Katanin}, A. and {Metzner}, W. and {Rohringer}, G. and {Toschi}, A.},
  Journal                  = {Phys. Rev. Lett.},
  Year                     = {2014},

  Month                    = may,
  Number                   = {19},
  Pages                    = {196402},
  Volume                   = {112},

  Adsnote                  = {Provided by the SAO/NASA Astrophysics Data System},
  Archiveprefix            = {arXiv},
  Bdsk-url-1               = {http://dx.doi.org/10.1103/PhysRevLett.112.196402},
  Doi                      = {10.1103/PhysRevLett.112.196402},
  Eid                      = {196402},
  Groups                   = {DMFT, Strong-Coupling fRG, Paper_Vertex},
  Keywords                 = {Strongly correlated electron systems, heavy fermions, Lattice fermion models},
  Primaryclass             = {cond-mat.str-el},
  Timestamp                = {2014.07.09}
}


@Article{Hubbard1963,
  Title                    = {{Electron Correlations in Narrow Energy Bands}},
  Author                   = {{Hubbard}, J.},
  Journal                  = {Proc. R. Soc. A},
  Year                     = {1963},

  Month                    = nov,
  Pages                    = {238-257},
  Volume                   = {276},

  Adsnote                  = {Provided by the SAO/NASA Astrophysics Data System},
  Bdsk-url-1               = {http://dx.doi.org/10.1098/rspa.1963.0204},
  Doi                      = {10.1098/rspa.1963.0204},
  Timestamp                = {2014.08.12}
}

@article{Platt2013,
author = {C. Platt and W. Hanke and R. Thomale},
title = {Functional renormalization group for multi-orbital Fermi surface instabilities},
journal = {Advances in Physics},
volume = {62},
number = {4-6},
pages = {453-562},
year = {2013},
doi = {10.1080/00018732.2013.862020},
}

@Article{Salmhofer2001,
  Title                    = {{Fermionic Renormalization Group Flows ---Technique and Theory---}},
  Author                   = {{Salmhofer}, M. and {Honerkamp}, C.},
  Journal                  = {Prog. Theor. Phys.},
  Year                     = {2001},

  Month                    = jan,
  Pages                    = {1-35},
  Volume                   = {105},

  Abstract                 = {We give a self-contained derivation of the differential equations for Wilson's renormalization group for the one-particle irreducible Green functions in fermionic systems. The application of this equation to the (t,t')-Hubbard model appears in Ref. 9). Here we focus on theoretical aspects. After deriving the equations, we discuss the restrictions imposed by symmetries on the effective action. We discuss scaling properties due to the geometry of the Fermi surface and give precise criteria to determine when they justify the use of one-loop flows. We also discuss the relationship of this approach to other RG treatments, as well as aspects of the practical treatment of truncated equations, such as the projection to the Fermi surface and the calculation of susceptibilities.},
  Adsnote                  = {Provided by the SAO/NASA Astrophysics Data System},
  Bdsk-url-1               = {http://dx.doi.org/10.1143/PTP.105.1},
  Doi                      = {10.1143/PTP.105.1},
  Groups                   = {Paper_Vertex, fRG},
  Timestamp                = {2014.09.12}
}

@article{Stepanov2016,
  title = {Self-consistent dual boson approach to single-particle and collective excitations in correlated systems},
  author = {Stepanov, E. A. and van Loon, E. G. C. P. and Katanin, A. A. and Lichtenstein, A. I. and Katsnelson, M. I. and Rubtsov, A. N.},
  journal = {Phys. Rev. B},
  volume = {93},
  issue = {4},
  pages = {045107},
  numpages = {16},
  year = {2016},
  month = {Jan},
  publisher = {American Physical Society},
  doi = {10.1103/PhysRevB.93.045107},
  url = {https://link.aps.org/doi/10.1103/PhysRevB.93.045107}
}
}


@ARTICLE{Kugler2017,
   author = {{Kugler}, F.~B. and {von Delft}, J.},
    title = "{Multiloop functional renormalization group that sums up all parquet diagrams}",
  journal = {ArXiv e-prints},
archivePrefix = "arXiv",
   eprint = {1703.06505},
 primaryClass = "cond-mat.str-el",
 keywords = {Condensed Matter - Strongly Correlated Electrons},
     year = 2017,
    month = mar,
   adsurl = {http://adsabs.harvard.edu/abs/2017arXiv170306505K},
  adsnote = {Provided by the SAO/NASA Astrophysics Data System}
}


@article{Lichtenstein2017,
title = "High-performance functional Renormalization Group calculations for interacting fermions ",
journal = "Computer Physics Communications ",
volume = "213",
number = "",
pages = "100 - 110",
year = "2017",
note = "",
issn = "0010-4655",
doi = "https://doi.org/10.1016/j.cpc.2016.12.013",
url = "http://www.sciencedirect.com/science/article/pii/S0010465516303927",
author = {{Lichtenstein}, J. and {de la Pe\~na}, D.~S. and {Rohe}, D. and {Di
Napoli}, E. and {Honerkamp}, C. and {Maier}, S.},
keywords = "functional Renormalization Group",
keywords = "Interacting fermions",
keywords = "Hybrid parallelization",
keywords = "Hubbard model "} 

@Article{Honerkamp2004,
  Title                    = {{Interaction flow method for many-fermion systems}},
  Author                   = {{Honerkamp}, C. and {Rohe}, D. and {Andergassen}, S. and {Enss}, T.},
  Journal                  = {Phys. Rev. B},
  Year                     = {2004},

  Month                    = dec,
  Number                   = {23},
  Pages                    = {235115},
  Volume                   = {70},

  Adsnote                  = {Provided by the SAO/NASA Astrophysics Data System},
  Doi                      = {10.1103/PhysRevB.70.235115},
  Eid                      = {235115},
  Groups                   = {Paper_Vertex, fRG},
  Keywords                 = {Lattice fermion models, Fermions in reduced dimensions},
  Timestamp                = {2016.03.08}
}

@article{Mermin1966,
  title = {{Absence of Ferromagnetism or Antiferromagnetism in One- or Two-Dimensional Isotropic Heisenberg Models}},
  author = {Mermin, N. D. and Wagner, H.},
  journal = {Phys. Rev. Lett.},
  volume = {17},
  issue = {22},
  pages = {1133--1136},
  numpages = {0},
  year = {1966},
  month = {Nov},
  publisher = {American Physical Society},
  doi = {10.1103/PhysRevLett.17.1133},
  url = {https://link.aps.org/doi/10.1103/PhysRevLett.17.1133}
}

@Book{Abrikosov1963,
  Title = {Methods of quantum field theory in statistical physics},
  Author = {{Abrikosov},A.A. and {Gorkov}, L.P. and {Dzyaloshinski} I.E. }, 
  Year = {1963},
  Publisher={Dover Publications, Inc.}
	}


@article{Rohe2005,
title = {{Pseudogap at hot spots in the two-dimensional Hubbard model at weak coupling}},
author = {Rohe, Daniel and Metzner, Walter},
journal = {Phys. Rev. B},
volume = {71},
issue = {11},
pages = {115116},
numpages = {7},
year = {2005},
month = {Mar},
publisher = {American Physical Society},
doi = {10.1103/PhysRevB.71.115116},
url ={https://link.aps.org/doi/10.1103/PhysRevB.71.115116}
}

@article{Eberlein2013,
  title = {Effective interactions and fluctuation effects in spin-singlet superfluids},
    author = {Eberlein, Andreas and Metzner, Walter},
      journal = {Phys. Rev. B},
        volume = {87},
          issue = {17},
            pages = {174523},
              numpages = {22},
                year = {2013},
                  month = {May},
                    publisher = {American Physical Society},
                      doi = {10.1103/PhysRevB.87.174523},
                        url = {https://link.aps.org/doi/10.1103/PhysRevB.87.174523}
}
}}}}}}}}}}}}}

@article{Gutzwiller1963,
  title = {Effect of Correlation on the Ferromagnetism of Transition Metals},
    author = {Gutzwiller, Martin C.},
      journal = {Phys. Rev. Lett.},
        volume = {10},
          issue = {5},
            pages = {159--162},
                year = {1963},
                        }

@article{Kanamori1963,
author = {Kanamori, Junjiro},
title = {Electron Correlation and Ferromagnetism of Transition Metals},
journal = {Progress of Theoretical Physics},
volume = {30},
number = {3},
pages = {275-289},
year = {1963},
}
@book{Montorsi1992,
  title={{The Hubbard Model: A Reprint Volume}},
  author={Montorsi, A.},
  isbn={9789810205867},
  lccn={92006464},
  url={https://books.google.de/books?id=QoGl8H7tphYC},
  year={1992},
  publisher={World Scientific}
}
@article{ Honerkamp2001a,
	author ={Honerkamp, Carsten},
	title = {{Electron-doping versus hole-doping in the 2D t-t' Hubbard model}},
	DOI= "10.1007/PL00011117",
	url= "https://doi.org/10.1007/PL00011117",
	journal = {Eur. Phys. J. B},
	year = 2001,
	volume = 21,
	number = 1,
	pages = "81-91",
	month = "",
}
@article{Honerkamp2003,
  title = {{Flow of the quasiparticle weight in the $N$-patch renormalization group scheme}},
  author = {Honerkamp, Carsten and Salmhofer, Manfred},
  journal = {Phys. Rev. B},
  volume = {67},
  issue = {17},
  pages = {174504},
  numpages = {11},
  year = {2003},
  month = {May},
  publisher = {American Physical Society},
  doi = {10.1103/PhysRevB.67.174504},
  url = {https://link.aps.org/doi/10.1103/PhysRevB.67.174504}
}
